@INPROCEEDINGS{borgaonkar-analysis,
	author={Borgaonkar, R.},
	booktitle={Emerging Security Information Systems and Technologies (SECURWARE), 2010 Fourth International Conference on},
	title={An Analysis of the Asprox Botnet},
	year={2010},
	month={July},
	pages={148-153},
	keywords={Internet;SQL;invasive software;Asprox botnet analysis;HTTP based communication;Internet security threat;SQL injection attack;advanced bot architecture;bot recruitment;botnet detection;double fast-flux service network;malware binary spreading;social engineering;zombie armies;Computer architecture;Computers;IP networks;Internet;Malware;Protocols;Servers;Asprox;Bot;Botnet;Fast-flux networks;Malware;SQL injection},
	doi={10.1109/SECURWARE.2010.32},
}
