@ONLINE{mint16:release,
	author = {Linux Mark Institute},
	title = {Linux Mint 16 Petra KDE Release Notes},
	month = mar,
	year = {2014},
	url = {http://www.linuxmint.com/rel\_petra\_kde\_whatsnew.php}
}

@ONLINE{Doe:2009:Online,
author = {Doe, Ringo},
title = {This is a test entry of type {@ONLINE}},
month = jun,
year = {2009},
url = {http://www.test.org/doe/}
}