@inproceedings{dagon:model,
	title= {Taxonomy of Botnets},
	booktitle={ACSAC07},
	author{Dagon, David and Gu, Guofei and Lee, Christopher and Lee, Wenke},
	year = {2007}
},

@inproceedings{jacob:infiltration,
	title = {{JACKSTRAWS:} Picking Command and Control Connections from Bot Traffic},
	booktitle = {{USENIX} Security},
	author = {Jacob, Gregoire and Hund, Ralf and Kruegel, Christopher and Holz, Thorsten},
	year = {2011}
},

@inproceedings{caballero:distribution,
	address = {San Fransisco, California},
	title = {Measuring Pay-per-Install: The Commoditization of Malware Distribution},
	url = {https://www.usenix.org/legacy/events/sec11/tech/},
	booktitle = {{USENIX} Security},
	author = {Caballero, Juan and Kreibich, Christian and Paxson, Vern},
	year = {2011}
},

@misc{lewis:economics,
	title = {The Economic Impact of Cybercrime and Cyber Espionage},
	url = {http://www.mcafee.com/sg/resources/reports/rp-economic-impact-cybercrime.pdf},
	publisher = {Center for Strategic and International Studies; {McAfee}},
	author = {Lewis, James}
},

@inproceedings{stone:infiltration,
	address = {Chicago, Illinois},
	title = {Your Botnet is My Botnet: Analysis of a Botnet Takeover},
	booktitle = {16th {ACM} Conference on Computer and Communications Security},
	author = {Stone-Gross, Brett and Cova, Marco and Lorenzo, Cavallaro and Gilbert, Bob and Szydlowski, Martin and Kemmerer, Richard and Kruegel, Christopher and Vigna, Giovanni},
	month = nov,
	year = {2009}
}

@ONLINE{mint16:release,
	author = {Linux Mark Institute},
	title = {Linux Mint 16 Petra KDE Release Notes},
	month = mar,
	year = {2014},
	url = {http://www.linuxmint.com/rel\_petra\_kde\_whatsnew.php}
}

@ONLINE{Doe:2009:Online,
author = {Doe, Ringo},
title = {This is a test entry of type {@ONLINE}},
month = jun,
year = {2009},
url = {http://www.test.org/doe/}
}