@inproceedings{rajab-botnets,
 author = {Abu Rajab, Moheeb and Zarfoss, Jay and Monrose, Fabian and Terzis, Andreas},
 title = {A Multifaceted Approach to Understanding the Botnet Phenomenon},
 booktitle = {Proceedings of the 6th ACM SIGCOMM Conference on Internet Measurement},
 series = {IMC '06},
 year = {2006},
 isbn = {1-59593-561-4},
 location = {Rio de Janeriro, Brazil},
 pages = {41--52},
 numpages = {12},
 url = {http://doi.acm.org/10.1145/1177080.1177086},
 doi = {10.1145/1177080.1177086},
 acmid = {1177086},
 publisher = {ACM},
 address = {New York, NY, USA},
 keywords = {botnets, computer security, malware, network security},
} 
