@inproceedings{masud:detection,
 author = {Masud, Mohammad M. and Gao, Jing and Khan, Latifur and Han, Jiawei and Thuraisingham, Bhavani},
 title = {Peer to Peer Botnet Detection for Cyber-security: A Data Mining Approach},
 booktitle = {Proceedings of the 4th Annual Workshop on Cyber Security and Information Intelligence Research: Developing Strategies to Meet the Cyber Security and Information Intelligence Challenges Ahead},
 series = {CSIIRW '08},
 year = {2008},
 isbn = {978-1-60558-098-2},
 location = {Oak Ridge, Tennessee},
 pages = {39:1--39:2},
 articleno = {39},
 numpages = {2},
 url = {http://doi.acm.org/10.1145/1413140.1413185},
 doi = {10.1145/1413140.1413185},
 acmid = {1413185},
 publisher = {ACM},
 address = {New York, NY, USA},
 keywords = {botnet, classification, data stream, ensemble},
} 
