@INPROCEEDINGS{govil-criminology,
author={Jivesh Govil and Jivika Govil},
booktitle={Electro/Information Technology, 2007 IEEE International Conference on},
title={Criminology of BotNets and their detection and defense methods},
year={2007},
month={May},
pages={215-220},
keywords={Internet;computer crime;invasive software;software agents;BotNet criminology detection;BotNet defense method;Internet malware epidemic;software robot;Automatic control;Centralized control;Computer networks;Computer science;IP networks;Internet;Protocols;Relays;Robotics and automation;USA Councils;Bot;BotNet;IRC;Malware},
doi={10.1109/EIT.2007.4374517},}

@incollection{barford-book,
year={2007},
isbn={978-0-387-32720-4},
booktitle={Malware Detection},
volume={27},
series={Advances in Information Security},
editor={Christodorescu, Mihai and Jha, Somesh and Maughan, Douglas and Song, Dawn and Wang, Cliff},
doi={10.1007/978-0-387-44599-1_8},
title={An Inside Look at Botnets},
url={http://dx.doi.org/10.1007/978-0-387-44599-1_8},
publisher={Springer US},
author={Barford, Paul and Yegneswaran, Vinod},
pages={171-191},
language={English}
}

@article{ollmann-topology,
  title={Botnet communication topologies},
  author={Ollmann, Gunter},
  journal={Retrieved September},
  volume={30},
  pages={2009},
  year={2009}
}

@ONLINE{honeynet-appendix,
  title={What techniques bots use},
  author={The Honeynet Project},
  url={http://honeynet.org/node/56}
}

@INPROCEEDINGS{wang-p2p,
	author={Ping Wang and Lei Wu and Aslam, B. and Zou, C.C.},
	booktitle={Computer Communications and Networks, 2009. ICCCN 2009. Proceedings of 18th Internatonal Conference on},
	title={A Systematic Study on Peer-to-Peer Botnets},
	year={2009},
	month={Aug},
	pages={1-8},
	keywords={Internet;peer-to-peer computing;protocols;telecommunication security;Internet;P2P protocols;centralized command and control;communication protocols;computers network;index poisoning technique;peer-to-peer botnets;sybil attack;Command and control systems;Computer architecture;Computer networks;Counting circuits;Internet;Network servers;Peer to peer computing;Performance analysis;Protocols;Web server},
	doi={10.1109/ICCCN.2009.5235360},
	ISSN={1095-2055},}
