@INPROCEEDINGS{freiling-tracking,
    author = {Felix C. Freiling and Thorsten Holz and Georg Wicherski},
    title = {Botnet tracking: Exploring a root-cause methodology to prevent distributed denial-of-service attacks},
    booktitle = {In Proceedings of 10 th European Symposium on Research in Computer Security, ESORICS},
    year = {2005},
    pages = {319--335}
}
